<?xml version="1.0" encoding="UTF-8"?><collection xmlns="http://www.loc.gov/MARC21/slim"><record><leader>00276nam--2200109-i-4500</leader><controlfield tag="001">000030562</controlfield><controlfield tag="002">20161230</controlfield><controlfield tag="005">20161230201038</controlfield><controlfield tag="008">060222s1000------------r-----000-0-eng-d</controlfield><datafield ind1=" " ind2=" " tag="245"><subfield code="a">Liste des publications:-janvier-avril 1968</subfield></datafield><datafield ind1=" " ind2=" " tag="490"><subfield code="a">Paris, Laboratoire Curie, 1964-</subfield></datafield><datafield ind1=" " ind2=" " tag="852"><subfield code="a">017</subfield></datafield></record></collection>